<mx:record xmlns="http://www.w3.org/TR/xhtml1/strict" xmlns:mx="http://www.loc.gov/MARC21/slim" xmlns:xsi="http://www.w3.org/2001/XMLSchema-instance"><mx:leader>00000cz   2200000n  4500</mx:leader><mx:controlfield tag="001">oca00674634 </mx:controlfield><mx:controlfield tag="005">19850730114149.2</mx:controlfield><mx:controlfield tag="008">820104n| acannaab|          |a aaa |||  </mx:controlfield><mx:datafield ind1=" " ind2=" " tag="010"><mx:subfield code="a">n  81129741 </mx:subfield><mx:subfield code="z">n  83158994</mx:subfield></mx:datafield><mx:datafield ind1=" " ind2=" " tag="040"><mx:subfield code="a">DLC</mx:subfield><mx:subfield code="c">DLC</mx:subfield><mx:subfield code="d">DLC</mx:subfield></mx:datafield><mx:datafield ind1="0" ind2=" " tag="100"><mx:subfield code="a">William,</mx:subfield><mx:subfield code="c">of Malmesbury,</mx:subfield><mx:subfield code="d">ca. 1090-1143.</mx:subfield></mx:datafield><mx:datafield ind1="0" ind2=" " tag="400"><mx:subfield code="a">William of Malmesbury,</mx:subfield><mx:subfield code="d">d. 1143?</mx:subfield><mx:subfield code="w">nnaa</mx:subfield></mx:datafield><mx:datafield ind1="0" ind2=" " tag="400"><mx:subfield code="a">Willelmus,</mx:subfield><mx:subfield code="c">Malmesburiensis,</mx:subfield><mx:subfield code="d">ca. 1090-1143</mx:subfield></mx:datafield><mx:datafield ind1="0" ind2=" " tag="400"><mx:subfield code="a">Wilhelmus,</mx:subfield><mx:subfield code="c">Malmesburiensis,</mx:subfield><mx:subfield code="d">ca. 1090-1143</mx:subfield></mx:datafield><mx:datafield ind1="0" ind2=" " tag="400"><mx:subfield code="a">Wilhelmus,</mx:subfield><mx:subfield code="c">Sommersetensis,</mx:subfield><mx:subfield code="d">ca. 1090-1143</mx:subfield></mx:datafield><mx:datafield ind1="0" ind2=" " tag="400"><mx:subfield code="a">Gulielmus,</mx:subfield><mx:subfield code="c">Malmesburiensis,</mx:subfield><mx:subfield code="d">ca. 1090-1143</mx:subfield></mx:datafield><mx:datafield ind1="0" ind2=" " tag="400"><mx:subfield code="a">Guillermo,</mx:subfield><mx:subfield code="c">de Malmesbury,</mx:subfield><mx:subfield code="d">ca. 1090-1143</mx:subfield></mx:datafield><mx:datafield ind1="1" ind2=" " tag="400"><mx:subfield code="a">Malmesbury, William of,</mx:subfield><mx:subfield code="d">ca. 1090-1143</mx:subfield></mx:datafield><mx:datafield ind1=" " ind2=" " tag="670"><mx:subfield code="a">His Polyhistor, c1981:</mx:subfield><mx:subfield code="b">t.p. (William of Malmesbury) introd. (Willelmi Malmesburiensis)</mx:subfield></mx:datafield><mx:datafield ind1=" " ind2=" " tag="670"><mx:subfield code="a">New Cath. encyc.</mx:subfield><mx:subfield code="b">(William of Malmesbury; b. ca. 1090, d. 1143)</mx:subfield></mx:datafield><mx:datafield ind1=" " ind2=" " tag="670"><mx:subfield code="a">Encyc. Brit., 15th ed.</mx:subfield><mx:subfield code="b">(Malmesbury: William of Malmesbury, d. ca. 1143) 1972 (William of Malmesbury, ca. 1090-ca. 1143)</mx:subfield></mx:datafield><mx:datafield ind1=" " ind2=" " tag="999"><mx:subfield code="a">129</mx:subfield></mx:datafield></mx:record>